@Book{BergmannSchaefer,
 author = {Bergmann, Schaefer},
 title = {Lehrbuch der Experimentalphysik, Band 2 Elektro-Magnetismus},
 publisher = {Walter de Gruyter},
 year = {1999},
 edition = {8}
}
@Book{Harrison,
 author = {John A. Harrison},
 title = {Elektrische Energieversorgung},
 publisher = {Pearson Studium},
 year = {2004}
}

@Book{Herold,
 author = {Gerhard Herold},
 title = {Elektrische Energieversorgung I},
 publisher = {J. Schlembach Fachverlag},
 year = {2005},
 edition = {2}
}
@Book{Flosdorff,
 author = {Ren\'e Flosdorff and G\"unther Hilgarth},
 title = { Elektrische Energieverteilung},
 publisher = {Teubner},
 year = {2003},
 edition = {8}
}
@Book{Schymroch,
 author = {Dr.-Ing. Hans D. Schymroch},
 title = {Hochspannungs-Gleichstrom-Übertragung},
 publisher = {Teubner},
 year = {1985}
}
@Misc{Liste,
author = {{DC and Flexible AC Transmission Subcommittee}},
title = {{HVDC PROJECTS LISTING}},
howpublished = {http://www.ece.uidaho.edu/hvdcfacts/Projects/HVDCProjectsListingJuly2009-planned.pdf},
month = {July},
year = {2009}
}
@Book{Moeller,
author = {Heinrich Frohne and Karl-Heinz Löcherer and Hans Müller and Franz Moeller},
title = {Grundlagen der Elektrotechnik},
publisher = {Vieweg +Teubner},
year = {1996},
edition = {18}
}
@Book{Padiyar,
author = {K. R. Padiyar},
title = {{HVDC Power Transmission Systems}},
publisher = {{John Wiley \& Sons}},
year = {1991}
}
@Book{Demtroeder,
author = {Wolfgang Demtröder},
title = {Experimentalphysik 2},
publisher = {Springer},
year = {2009},
edition = {5}
}
@Book{Gerthsen,
author = {Christian Gerthsen},
editor = {Dieter Meschede},
title = {Gerthsen Physik},
publisher = {Springer},
year = {2010},
edition = {24}
}
@Misc{BfN,
author = {{BfN, Universität Duisburg Essen, GFN}},
title = {Naturschutzfachliche Analyse von küstennahen Stromleitungen, Endbericht},
howpublished = {{http://www.bfn.de/ fileadmin/ MDB/ documents/ themen/ erneuerbareenergien/ endbericht\_ausbau\_stromleitung\_kueste.pdf}},
year = {2009}
}
@Misc{Harnischmacher,
author = {{Harnischmacher, G.}},
title = {Vorlesungsskript Energieversorgung},
year = {2003},
note = {FH Dortmund}
}
@Book{Heuck,
author = {Klaus Heuck and Klaus-Dieter Dettmann},
title = {Elektrische Energieversorgung},
publisher = {Vieweg},
year = {2005},
edition = {6}
}
@Misc{Kao,
editor = {{Tao Kao}},
title = {The construction HVDC Xianjiaba - Shanghai started running},
howpublished = {Chinese Economy Website: http://district.ce.cn/zg/201007/08/t20100708\_21595399\_4.shtml},
year = {2010}
}
@Misc{Europa,
author = {{J JMesserly, Maix, Tintazul}},
title = {HVDC\_Europe.svg},
howpublished = {Wikimedia Commons: http://commons.wikimedia.org/wiki/File:HVDC\_Europe.svg},
year = {2008},
note = {Creative Commons Namensnennung-Weitergabe unter gleichen Bedingungen 3.0 Unported}
}
@PhdThesis{Schymroch2,
 author = {Dr.-Ing. Hans D. Schymroch},
 title = {Stabilität und Regelung eines über Hochspannungs-Gleichstrom-Übertragung gespeisten Drehstrom-Inselnetzes},
school = {Rheinisch-Westfällische Technische Hochschule Aachen},
year = {1978}
}




@Book{,
author = {},
title = {},
publisher = {},
year = {}
}

